@online{nist,
	author = {{National Institute of Standards and Technology}},
	title = {Cyclopropylamine},
	year = {2021},
	url = {https://webbook.nist.gov/cgi/cbook.cgi?ID=C765300},
	urldate = {2023-01-30}
}

@online{nist-ar,
	author = {{National Institute of Standards and Technology}},
	title = {Atomic Weights and Isotopic Compositions for Argon},
	year = {2021},
	url = {https://physics.nist.gov/cgi-bin/Compositions/stand_alone.pl?ele=Ar},
	urldate = {2023-02-15}
}
